@article{CuMiDa,
    author  = {Feltes, Bruno César and Chandelier, Eduardo Bassani and Grisci, Bruno Iochins and Dorn, Márcio},
    title   = {CuMiDa: An Extensively Curated Microarray Database for Benchmarking and Testing of Machine Learning Approaches in Cancer Research},
    journal = {Journal of Computational Biology},
    volume  = {26},
    number  = {4},
    pages   = {376-386},
    year    = {2019},
    doi     = {10.1089/cmb.2018.0238},
    note    = {PMID: 30789283},
    URL     = {https://doi.org/10.1089/cmb.2018.0238},
    eprint  = {https://doi.org/10.1089/cmb.2018.0238}
}
@article{sklearn,
    title   = {Scikit-learn: Machine Learning in {P}ython},
    author  = {Pedregosa, F. and Varoquaux, G. and Gramfort, A. and Michel, V.
         and Thirion, B. and Grisel, O. and Blondel, M. and Prettenhofer, P.
         and Weiss, R. and Dubourg, V. and Vanderplas, J. and Passos, A. and
         Cournapeau, D. and Brucher, M. and Perrot, M. and Duchesnay, E.},
    journal = {Journal of Machine Learning Research},
    volume  = {12},
    pages   = {2825--2830},
    year    = {2011}
}